@misc{noauthor_common_nodate,
	year = {2020},
	title = {\textit{Common blackbird guide: species facts, how to identify males, females and juveniles - Discover Wildlife}},
	url = {https://www.discoverwildlife.com/animal-facts/birds/facts-about-blackbirds},
	author = {BTO}
}

@online{data_information,
	year = {n.d.},
	url = {https://mei.org.uk/files/pdf/Blackbird-Data-Information.pdf/},
	title = {\textit{Blackbird Data Information}},
	author = {Chris Du Feu}
}

@article{mosimann_new_1979,
	title = {{NEW} {STATISTICAL} {METHODS} {FOR} {ALLOMETRY} {WITH} {APPLICATION} {TO} {FLORIDA} {RED}-{WINGED} {BLACKBIRDS}},
	volume = {33},
	pages = {444-459},
	number = {1},
	journaltitle = {Evolution},
	shortjournal = {Evolution},
	author = {Mosimann, James E. and James, Frances C.},
	year = {1979},
}

@techreport{python,
	title = {Python},
	author = {G. Van Rossum},
	number ={CS-R9526},
	institution = {Centrum voor Wiskunde en Informatica (CWI)},
	year = {1995},
	address={Amsterdam},
	month={May}
}

@article{harris2020array,
	title = {Array programming with {NumPy}},
	author        = {Charles R. Harris and K. Jarrod Millman},
	year = {2020},
	journal = {Nature},
	volume = {585},
	number = {7825},
	pages = {357-362},
	publisher = {Springer Science and Business Media {LLC}},
}

@article{statsmodels,
	title = {Statsmodels: Econometric and
statistical modeling with python},
	author = {Seabold, S. and Perktold, J},
	year = {2010},
	journal = {Proceedings of the 9th Python in
Science Conference},
	pages = {57-61},
}
